<?xml version="1.0" encoding="UTF-8"?><record xmlns="http://www.loc.gov/MARC21/slim" xmlns:cinclude="http://apache.org/cocoon/include/1.0" xmlns:zs="http://www.loc.gov/zing/srw/">
  <leader>00808cz  a2200145n  4500</leader>
  <controlfield tag="001">n  84160071 </controlfield>
  <controlfield tag="003">DLC</controlfield>
  <controlfield tag="005">20000523065535.0</controlfield>
  <controlfield tag="008">841030n| acannaabn          |a aaa      </controlfield>
  <datafield tag="010" ind1=" " ind2=" ">
    <subfield code="a">n  84160071 </subfield>
  </datafield>
  <datafield tag="035" ind1=" " ind2=" ">
    <subfield code="a">(OCoLC)oca01222880</subfield>
  </datafield>
  <datafield tag="040" ind1=" " ind2=" ">
    <subfield code="a">DLC</subfield>
    <subfield code="b">eng</subfield>
    <subfield code="c">DLC</subfield>
    <subfield code="d">OCoLC</subfield>
  </datafield>
  <datafield tag="100" ind1="1" ind2=" ">
    <subfield code="a">Timaeus von GuĚldenklee, Balthasar,</subfield>
    <subfield code="d">1600-1667.</subfield>
    <subfield code="t">Casus medicinales praxi triginta sex annorum observati</subfield>
  </datafield>
  <datafield tag="400" ind1="1" ind2=" ">
    <subfield code="a">Timaeus von GuĚldenklee, Balthasar,</subfield>
    <subfield code="d">1600-1667.</subfield>
    <subfield code="t">Baldassaris Timaei von Guldenklee, Serenissimi Electoris Brandenburgici archiatri, Casus medicinales praxi triginta sex annorum observati</subfield>
  </datafield>
  <datafield tag="670" ind1=" " ind2=" ">
    <subfield code="a">His Baldassaris Timaei von Guldenklee, Serenissimi Electoris ... 1662:</subfield>
    <subfield code="b">t.p. (Baldassaris Timaei von Guldenklee, Serenissimi Electoris Brandenburgici archiatri, Casus medicinales praxi triginta sex annorum observati)</subfield>
  </datafield>
</record>